<record><leader>00000cas a22000007a 4500</leader><controlfield tag="001">19758310</controlfield><controlfield tag="008">890524d18871902mouwr ne      0    0eng d</controlfield><datafield ind1=" " ind2=" " tag="010"><subfield code="a">sn 89066561 </subfield></datafield><datafield ind1=" " ind2=" " tag="040"><subfield code="a">MQN</subfield><subfield code="b">eng</subfield><subfield code="c">MQN</subfield><subfield code="d">OCLCQ</subfield></datafield><datafield ind1=" " ind2=" " tag="042"><subfield code="a">msc</subfield></datafield><datafield ind1="0" ind2=" " tag="130"><subfield code="a">Cameron sun (Cameron, Mo. : 1887)</subfield></datafield><datafield ind1="1" ind2="4" tag="245"><subfield code="a">The Cameron sun.</subfield></datafield><datafield ind1=" " ind2=" " tag="260"><subfield code="a">Cameron, Clinton County, Mo. :</subfield><subfield code="b">H.L. Cross,</subfield><subfield code="c">1887-1902.</subfield></datafield><datafield ind1=" " ind2=" " tag="300"><subfield code="a">v.</subfield></datafield><datafield ind1=" " ind2=" " tag="310"><subfield code="a">Weekly</subfield></datafield><datafield ind1="0" ind2=" " tag="362"><subfield code="a">Vol. 1, no. 1 (July 2, 1887)-v. 16, no. 33 (Sept. 19, 1902).</subfield></datafield><datafield ind1=" " ind2=" " tag="500"><subfield code="a">"Cameron" appears in masthead logo.</subfield></datafield><datafield ind1=" " ind2="4" tag="651"><subfield code="a">Cameron (Mo.)</subfield><subfield code="v">Newspapers.</subfield></datafield><datafield ind1=" " ind2=" " tag="752"><subfield code="a">United States</subfield><subfield code="b">Missouri</subfield><subfield code="c">Clinton</subfield><subfield code="d">Cameron.</subfield></datafield><datafield ind1="0" ind2=" " tag="775"><subfield code="t">Cameron morning sun</subfield><subfield code="w">(DLC)sn 90061976</subfield></datafield><datafield ind1="0" ind2="0" tag="785"><subfield code="t">Cameron Missouri sun</subfield><subfield code="w">(DLC)sn 93060175</subfield></datafield><datafield ind1="1" ind2=" " tag="029"><subfield code="a">AU@</subfield><subfield code="b">000020556872</subfield></datafield></record>